
@inproceedings{a._bratterud_includeos:_2015,
	title = {{IncludeOS}: A Minimal, Resource Efficient Unikernel for Cloud Services},
	doi = {10.1109/CloudCom.2015.89},
	eventtitle = {2015 {IEEE} 7th International Conference on Cloud Computing Technology and Science ({CloudCom})},
	pages = {250--257},
	booktitle = {2015 {IEEE} 7th International Conference on Cloud Computing Technology and Science ({CloudCom})},
	author = {{A. Bratterud} and {A. Walla} and {H. Haugerud} and {P. E. Engelstad} and {K. Begnum}},
	date = {2015-12-30},
	keywords = {bootable disk image, C++ language, cloud computing, Cloud computing, cloud services, {DNS} server, efficient asynchronous I/O, elastically scaling services, extremely small disk-and memory footprint, full virtualization, Hardware, {IncludeOS}, input-output programs, Libraries, library {OS}, operating system kernels, Operating systems, {OS}-library, resource allocation, resource efficient unikernel, single tasking library operating system, Standards, unikernel, virtio, Virtual machine monitors, Virtual machining}
}

@article{madhavapeddy_unikernels:_2013,
	title = {Unikernels: Library Operating Systems for the Cloud},
	volume = {48},
	issn = {0362-1340},
	url = {http://doi.acm.org.ezp-prod1.hul.harvard.edu/10.1145/2499368.2451167},
	doi = {10.1145/2499368.2451167},
	pages = {461--472},
	number = {4},
	journaltitle = {{SIGPLAN} Not.},
	author = {Madhavapeddy, Anil and Mortier, Richard and Rotsos, Charalampos and Scott, David and Singh, Balraj and Gazagnaire, Thomas and Smith, Steven and Hand, Steven and Crowcroft, Jon},
	date = {2013-03},
	keywords = {functional programming, hypervisor, microkernel}
}

@inproceedings{sehr_adapting_2010,
	location = {Berkeley, {CA}, {USA}},
	title = {Adapting Software Fault Isolation to Contemporary {CPU} Architectures},
	isbn = {888-7-6666-5555-4},
	url = {http://dl.acm.org/citation.cfm?id=1929820.1929822},
	series = {{USENIX} Security'10},
	pages = {1--1},
	booktitle = {Proceedings of the 19th {USENIX} Conference on Security},
	publisher = {{USENIX} Association},
	author = {Sehr, David and Muth, Robert and Biffle, Cliff and Khimenko, Victor and Pasko, Egor and Schimpf, Karl and Yee, Bennet and Chen, Brad},
	date = {2010},
	note = {event-place: Washington, {DC}}
}

@inproceedings{mccamant_evaluating_2006,
	location = {Berkeley, {CA}, {USA}},
	title = {Evaluating {SFI} for a {CISC} Architecture},
	url = {http://dl.acm.org/citation.cfm?id=1267336.1267351},
	series = {{USENIX}-{SS}'06},
	booktitle = {Proceedings of the 15th Conference on {USENIX} Security Symposium - Volume 15},
	publisher = {{USENIX} Association},
	author = {{McCamant}, Stephen and Morrisett, Greg},
	date = {2006},
	note = {event-place: Vancouver, B.C., Canada}
}

@inproceedings{yee_native_2009,
	title = {Native Client: A Sandbox for Portable, Untrusted x86 Native Code},
	doi = {10.1109/SP.2009.25},
	pages = {79--93},
	booktitle = {2009 30th {IEEE} Symposium on Security and Privacy},
	author = {Yee, B. and Sehr, D. and Dardyk, G. and Chen, J. B. and Muth, R. and Ormandy, T. and Okasaka, S. and Narula, N. and Fullagar, N.},
	date = {2009-05},
	keywords = {Internet, Operating systems, Application software, Assembly systems, binary code, browser-based applications, computer interfaces, hand-coded assembler, High performance computing, instruction set extensions, Java, Manuals, Native client, online front-ends, open architecture, operating system portability, Physics computing, Privacy, sandbox, Security, security of data, software fault isolation, software performance evaluation, thread support, untrusted x86 native code, Web application programming environments, World Wide Web, Yarn}
}

@article{wahbe_efficient_1993,
	title = {Efficient Software-based Fault Isolation},
	volume = {27},
	issn = {0163-5980},
	url = {http://doi.acm.org/10.1145/173668.168635},
	doi = {10.1145/173668.168635},
	pages = {203--216},
	number = {5},
	journaltitle = {{SIGOPS} Oper. Syst. Rev.},
	author = {Wahbe, Robert and Lucco, Steven and Anderson, Thomas E. and Graham, Susan L.},
	date = {1993-12}
}

@article{roemer_return-oriented_2012,
	title = {Return-Oriented Programming: Systems, Languages, and Applications},
	volume = {15},
	issn = {1094-9224},
	url = {http://doi.acm.org/10.1145/2133375.2133377},
	doi = {10.1145/2133375.2133377},
	pages = {2:1--2:34},
	number = {1},
	journaltitle = {{ACM} Trans. Inf. Syst. Secur.},
	author = {Roemer, Ryan and Buchanan, Erik and Shacham, Hovav and Savage, Stefan},
	date = {2012-03},
	keywords = {attacks, control flow integrity, memory safety, {NX}, return-into-libc, Return-oriented programming, {RISC}, {SPARC}, W-xor-X, x86}
}